<record><leader>00000cas a2200000Ma 4500</leader><controlfield tag="001">10899914</controlfield><controlfield tag="008">840629d1840184unhuwr ne      0    0eng d</controlfield><datafield ind1=" " ind2=" " tag="010"><subfield code="a">sn 84023633 </subfield></datafield><datafield ind1=" " ind2=" " tag="040"><subfield code="a">AQM</subfield><subfield code="b">eng</subfield><subfield code="c">AQM</subfield><subfield code="d">DRB</subfield><subfield code="d">OCLCQ</subfield></datafield><datafield ind1=" " ind2="4" tag="050"><subfield code="a">F44.H41</subfield><subfield code="b">A4</subfield></datafield><datafield ind1="0" ind2=" " tag="130"><subfield code="a">Amulet (Hanover, N.H.)</subfield></datafield><datafield ind1="1" ind2="4" tag="245"><subfield code="a">The amulet.</subfield></datafield><datafield ind1=" " ind2=" " tag="260"><subfield code="a">Hanover [N.H] :</subfield><subfield code="b">E.A. Allen</subfield></datafield><datafield ind1=" " ind2=" " tag="300"><subfield code="a">v.</subfield></datafield><datafield ind1=" " ind2=" " tag="310"><subfield code="a">Weekly</subfield></datafield><datafield ind1="1" ind2=" " tag="362"><subfield code="a">Began with Nov. 17, 1840 issue.</subfield><subfield code="z">Cf. Amer. newspapers, 1821-1936.</subfield></datafield><datafield ind1=" " ind2=" " tag="515"><subfield code="a">Suspended between June 22 and July 22, 1841 issues. Cf. Amer. newspapers, 1821-1936.</subfield></datafield><datafield ind1=" " ind2=" " tag="588"><subfield code="a">Description based on: Vol. 2, no. 42 (Mar. 1, 1841).</subfield></datafield><datafield ind1=" " ind2="7" tag="655"><subfield code="a">Newspapers.</subfield><subfield code="2">rbgenr</subfield></datafield><datafield ind1=" " ind2=" " tag="752"><subfield code="a">United States</subfield><subfield code="b">New Hampshire</subfield><subfield code="c">Rockingham</subfield><subfield code="d">Exeter.</subfield></datafield><datafield ind1="0" ind2="0" tag="780"><subfield code="t">Experiment (Hanover, N.H.)</subfield></datafield></record>